%YAML 1.1
%TAG !u! tag:unity3d.com,2011:
--- !u!1 &1687462114988394087
GameObject:
  m_ObjectHideFlags: 0
  m_CorrespondingSourceObject: {fileID: 0}
  m_PrefabInstance: {fileID: 0}
  m_PrefabAsset: {fileID: 0}
  serializedVersion: 6
  m_Component:
  - component: {fileID: 1268291055051507567}
  - component: {fileID: 9190920432745740248}
  - component: {fileID: 9153911624498726766}
  - component: {fileID: 7002493072533651219}
  m_Layer: 8
  m_Name: Scrap
  m_TagString: Untagged
  m_Icon: {fileID: 0}
  m_NavMeshLayer: 0
  m_StaticEditorFlags: 0
  m_IsActive: 1
--- !u!4 &1268291055051507567
Transform:
  m_ObjectHideFlags: 0
  m_CorrespondingSourceObject: {fileID: 0}
  m_PrefabInstance: {fileID: 0}
  m_PrefabAsset: {fileID: 0}
  m_GameObject: {fileID: 1687462114988394087}
  serializedVersion: 2
  m_LocalRotation: {x: 0.036430627, y: 0.03643052, z: 0.70616686, w: 0.7061686}
  m_LocalPosition: {x: -7.34, y: 2, z: 6.85}
  m_LocalScale: {x: 4, y: 6.7928, z: 3.0038774}
  m_ConstrainProportionsScale: 0
  m_Children: []
  m_Father: {fileID: 2101604010270749926}
  m_LocalEulerAnglesHint: {x: 0, y: 5.906, z: 90}
--- !u!33 &9190920432745740248
MeshFilter:
  m_ObjectHideFlags: 0
  m_CorrespondingSourceObject: {fileID: 0}
  m_PrefabInstance: {fileID: 0}
  m_PrefabAsset: {fileID: 0}
  m_GameObject: {fileID: 1687462114988394087}
  m_Mesh: {fileID: 10202, guid: 0000000000000000e000000000000000, type: 0}
--- !u!23 &9153911624498726766
MeshRenderer:
  m_ObjectHideFlags: 0
  m_CorrespondingSourceObject: {fileID: 0}
  m_PrefabInstance: {fileID: 0}
  m_PrefabAsset: {fileID: 0}
  m_GameObject: {fileID: 1687462114988394087}
  m_Enabled: 1
  m_CastShadows: 1
  m_ReceiveShadows: 1
  m_DynamicOccludee: 1
  m_StaticShadowCaster: 0
  m_MotionVectors: 1
  m_LightProbeUsage: 1
  m_ReflectionProbeUsage: 1
  m_RayTracingMode: 2
  m_RayTraceProcedural: 0
  m_RenderingLayerMask: 1
  m_RendererPriority: 0
  m_Materials:
  - {fileID: 2100000, guid: 9fe0a856a63e8634ebc7077bc570ea68, type: 2}
  m_StaticBatchInfo:
    firstSubMesh: 0
    subMeshCount: 0
  m_StaticBatchRoot: {fileID: 0}
  m_ProbeAnchor: {fileID: 0}
  m_LightProbeVolumeOverride: {fileID: 0}
  m_ScaleInLightmap: 1
  m_ReceiveGI: 1
  m_PreserveUVs: 0
  m_IgnoreNormalsForChartDetection: 0
  m_ImportantGI: 0
  m_StitchLightmapSeams: 1
  m_SelectedEditorRenderState: 3
  m_MinimumChartSize: 4
  m_AutoUVMaxDistance: 0.5
  m_AutoUVMaxAngle: 89
  m_LightmapParameters: {fileID: 0}
  m_SortingLayerID: 0
  m_SortingLayer: 0
  m_SortingOrder: 0
  m_AdditionalVertexStreams: {fileID: 0}
--- !u!65 &7002493072533651219
BoxCollider:
  m_ObjectHideFlags: 0
  m_CorrespondingSourceObject: {fileID: 0}
  m_PrefabInstance: {fileID: 0}
  m_PrefabAsset: {fileID: 0}
  m_GameObject: {fileID: 1687462114988394087}
  m_Material: {fileID: 0}
  m_IncludeLayers:
    serializedVersion: 2
    m_Bits: 0
  m_ExcludeLayers:
    serializedVersion: 2
    m_Bits: 0
  m_LayerOverridePriority: 0
  m_IsTrigger: 0
  m_ProvidesContacts: 0
  m_Enabled: 1
  serializedVersion: 3
  m_Size: {x: 1, y: 1, z: 1}
  m_Center: {x: 0, y: 0, z: 0}
--- !u!1 &1932024709578293789
GameObject:
  m_ObjectHideFlags: 0
  m_CorrespondingSourceObject: {fileID: 0}
  m_PrefabInstance: {fileID: 0}
  m_PrefabAsset: {fileID: 0}
  serializedVersion: 6
  m_Component:
  - component: {fileID: 1870887732312623969}
  - component: {fileID: 1079428187449768991}
  - component: {fileID: 393473569271500716}
  - component: {fileID: 4430511071289969068}
  m_Layer: 8
  m_Name: Scrap (3)
  m_TagString: Untagged
  m_Icon: {fileID: 0}
  m_NavMeshLayer: 0
  m_StaticEditorFlags: 0
  m_IsActive: 1
--- !u!4 &1870887732312623969
Transform:
  m_ObjectHideFlags: 0
  m_CorrespondingSourceObject: {fileID: 0}
  m_PrefabInstance: {fileID: 0}
  m_PrefabAsset: {fileID: 0}
  m_GameObject: {fileID: 1932024709578293789}
  serializedVersion: 2
  m_LocalRotation: {x: 0.6570491, y: 0.6570475, z: 0.2613185, w: 0.26131925}
  m_LocalPosition: {x: -5.58, y: 1.72, z: -4.07}
  m_LocalScale: {x: 3.8373623, y: 7.5698457, z: 2.06712}
  m_ConstrainProportionsScale: 0
  m_Children: []
  m_Father: {fileID: 2101604010270749926}
  m_LocalEulerAnglesHint: {x: 0, y: 136.623, z: 90}
--- !u!33 &1079428187449768991
MeshFilter:
  m_ObjectHideFlags: 0
  m_CorrespondingSourceObject: {fileID: 0}
  m_PrefabInstance: {fileID: 0}
  m_PrefabAsset: {fileID: 0}
  m_GameObject: {fileID: 1932024709578293789}
  m_Mesh: {fileID: 10202, guid: 0000000000000000e000000000000000, type: 0}
--- !u!23 &393473569271500716
MeshRenderer:
  m_ObjectHideFlags: 0
  m_CorrespondingSourceObject: {fileID: 0}
  m_PrefabInstance: {fileID: 0}
  m_PrefabAsset: {fileID: 0}
  m_GameObject: {fileID: 1932024709578293789}
  m_Enabled: 1
  m_CastShadows: 1
  m_ReceiveShadows: 1
  m_DynamicOccludee: 1
  m_StaticShadowCaster: 0
  m_MotionVectors: 1
  m_LightProbeUsage: 1
  m_ReflectionProbeUsage: 1
  m_RayTracingMode: 2
  m_RayTraceProcedural: 0
  m_RenderingLayerMask: 1
  m_RendererPriority: 0
  m_Materials:
  - {fileID: 2100000, guid: 9fe0a856a63e8634ebc7077bc570ea68, type: 2}
  m_StaticBatchInfo:
    firstSubMesh: 0
    subMeshCount: 0
  m_StaticBatchRoot: {fileID: 0}
  m_ProbeAnchor: {fileID: 0}
  m_LightProbeVolumeOverride: {fileID: 0}
  m_ScaleInLightmap: 1
  m_ReceiveGI: 1
  m_PreserveUVs: 0
  m_IgnoreNormalsForChartDetection: 0
  m_ImportantGI: 0
  m_StitchLightmapSeams: 1
  m_SelectedEditorRenderState: 3
  m_MinimumChartSize: 4
  m_AutoUVMaxDistance: 0.5
  m_AutoUVMaxAngle: 89
  m_LightmapParameters: {fileID: 0}
  m_SortingLayerID: 0
  m_SortingLayer: 0
  m_SortingOrder: 0
  m_AdditionalVertexStreams: {fileID: 0}
--- !u!65 &4430511071289969068
BoxCollider:
  m_ObjectHideFlags: 0
  m_CorrespondingSourceObject: {fileID: 0}
  m_PrefabInstance: {fileID: 0}
  m_PrefabAsset: {fileID: 0}
  m_GameObject: {fileID: 1932024709578293789}
  m_Material: {fileID: 0}
  m_IncludeLayers:
    serializedVersion: 2
    m_Bits: 0
  m_ExcludeLayers:
    serializedVersion: 2
    m_Bits: 0
  m_LayerOverridePriority: 0
  m_IsTrigger: 0
  m_ProvidesContacts: 0
  m_Enabled: 1
  serializedVersion: 3
  m_Size: {x: 1, y: 1, z: 1}
  m_Center: {x: 0, y: 0, z: 0}
--- !u!1 &2266638740848273733
GameObject:
  m_ObjectHideFlags: 0
  m_CorrespondingSourceObject: {fileID: 0}
  m_PrefabInstance: {fileID: 0}
  m_PrefabAsset: {fileID: 0}
  serializedVersion: 6
  m_Component:
  - component: {fileID: 7252051249806933983}
  - component: {fileID: 8636332132403452334}
  - component: {fileID: 8494347650515218634}
  - component: {fileID: 5120106849850018091}
  m_Layer: 8
  m_Name: Scrap (2)
  m_TagString: Untagged
  m_Icon: {fileID: 0}
  m_NavMeshLayer: 0
  m_StaticEditorFlags: 0
  m_IsActive: 1
--- !u!4 &7252051249806933983
Transform:
  m_ObjectHideFlags: 0
  m_CorrespondingSourceObject: {fileID: 0}
  m_PrefabInstance: {fileID: 0}
  m_PrefabAsset: {fileID: 0}
  m_GameObject: {fileID: 2266638740848273733}
  serializedVersion: 2
  m_LocalRotation: {x: 0.5375553, y: 0.537554, z: 0.4593849, w: 0.45938608}
  m_LocalPosition: {x: 5.14, y: 1.24, z: 0.75}
  m_LocalScale: {x: 2.637, y: 7.5698457, z: 2.06712}
  m_ConstrainProportionsScale: 0
  m_Children: []
  m_Father: {fileID: 2101604010270749926}
  m_LocalEulerAnglesHint: {x: 0, y: 98.967, z: 90}
--- !u!33 &8636332132403452334
MeshFilter:
  m_ObjectHideFlags: 0
  m_CorrespondingSourceObject: {fileID: 0}
  m_PrefabInstance: {fileID: 0}
  m_PrefabAsset: {fileID: 0}
  m_GameObject: {fileID: 2266638740848273733}
  m_Mesh: {fileID: 10202, guid: 0000000000000000e000000000000000, type: 0}
--- !u!23 &8494347650515218634
MeshRenderer:
  m_ObjectHideFlags: 0
  m_CorrespondingSourceObject: {fileID: 0}
  m_PrefabInstance: {fileID: 0}
  m_PrefabAsset: {fileID: 0}
  m_GameObject: {fileID: 2266638740848273733}
  m_Enabled: 1
  m_CastShadows: 1
  m_ReceiveShadows: 1
  m_DynamicOccludee: 1
  m_StaticShadowCaster: 0
  m_MotionVectors: 1
  m_LightProbeUsage: 1
  m_ReflectionProbeUsage: 1
  m_RayTracingMode: 2
  m_RayTraceProcedural: 0
  m_RenderingLayerMask: 1
  m_RendererPriority: 0
  m_Materials:
  - {fileID: 2100000, guid: 9fe0a856a63e8634ebc7077bc570ea68, type: 2}
  m_StaticBatchInfo:
    firstSubMesh: 0
    subMeshCount: 0
  m_StaticBatchRoot: {fileID: 0}
  m_ProbeAnchor: {fileID: 0}
  m_LightProbeVolumeOverride: {fileID: 0}
  m_ScaleInLightmap: 1
  m_ReceiveGI: 1
  m_PreserveUVs: 0
  m_IgnoreNormalsForChartDetection: 0
  m_ImportantGI: 0
  m_StitchLightmapSeams: 1
  m_SelectedEditorRenderState: 3
  m_MinimumChartSize: 4
  m_AutoUVMaxDistance: 0.5
  m_AutoUVMaxAngle: 89
  m_LightmapParameters: {fileID: 0}
  m_SortingLayerID: 0
  m_SortingLayer: 0
  m_SortingOrder: 0
  m_AdditionalVertexStreams: {fileID: 0}
--- !u!65 &5120106849850018091
BoxCollider:
  m_ObjectHideFlags: 0
  m_CorrespondingSourceObject: {fileID: 0}
  m_PrefabInstance: {fileID: 0}
  m_PrefabAsset: {fileID: 0}
  m_GameObject: {fileID: 2266638740848273733}
  m_Material: {fileID: 0}
  m_IncludeLayers:
    serializedVersion: 2
    m_Bits: 0
  m_ExcludeLayers:
    serializedVersion: 2
    m_Bits: 0
  m_LayerOverridePriority: 0
  m_IsTrigger: 0
  m_ProvidesContacts: 0
  m_Enabled: 1
  serializedVersion: 3
  m_Size: {x: 1, y: 1, z: 1}
  m_Center: {x: 0, y: 0, z: 0}
--- !u!1 &3619224336504299757
GameObject:
  m_ObjectHideFlags: 0
  m_CorrespondingSourceObject: {fileID: 0}
  m_PrefabInstance: {fileID: 0}
  m_PrefabAsset: {fileID: 0}
  serializedVersion: 6
  m_Component:
  - component: {fileID: 3374057227179475758}
  - component: {fileID: 1120594795614773459}
  - component: {fileID: 4564904649056333409}
  - component: {fileID: 5646266435550901192}
  m_Layer: 8
  m_Name: Scrap (1)
  m_TagString: Untagged
  m_Icon: {fileID: 0}
  m_NavMeshLayer: 0
  m_StaticEditorFlags: 0
  m_IsActive: 1
--- !u!4 &3374057227179475758
Transform:
  m_ObjectHideFlags: 0
  m_CorrespondingSourceObject: {fileID: 0}
  m_PrefabInstance: {fileID: 0}
  m_PrefabAsset: {fileID: 0}
  m_GameObject: {fileID: 3619224336504299757}
  serializedVersion: 2
  m_LocalRotation: {x: 0.19879895, y: 0.19879846, z: 0.6785853, w: 0.678587}
  m_LocalPosition: {x: 5.36, y: 1.45, z: 5.45}
  m_LocalScale: {x: 3.4832587, y: 5.2296, z: 4}
  m_ConstrainProportionsScale: 0
  m_Children: []
  m_Father: {fileID: 2101604010270749926}
  m_LocalEulerAnglesHint: {x: 0, y: 32.657, z: 90}
--- !u!33 &1120594795614773459
MeshFilter:
  m_ObjectHideFlags: 0
  m_CorrespondingSourceObject: {fileID: 0}
  m_PrefabInstance: {fileID: 0}
  m_PrefabAsset: {fileID: 0}
  m_GameObject: {fileID: 3619224336504299757}
  m_Mesh: {fileID: 10202, guid: 0000000000000000e000000000000000, type: 0}
--- !u!23 &4564904649056333409
MeshRenderer:
  m_ObjectHideFlags: 0
  m_CorrespondingSourceObject: {fileID: 0}
  m_PrefabInstance: {fileID: 0}
  m_PrefabAsset: {fileID: 0}
  m_GameObject: {fileID: 3619224336504299757}
  m_Enabled: 1
  m_CastShadows: 1
  m_ReceiveShadows: 1
  m_DynamicOccludee: 1
  m_StaticShadowCaster: 0
  m_MotionVectors: 1
  m_LightProbeUsage: 1
  m_ReflectionProbeUsage: 1
  m_RayTracingMode: 2
  m_RayTraceProcedural: 0
  m_RenderingLayerMask: 1
  m_RendererPriority: 0
  m_Materials:
  - {fileID: 2100000, guid: 9fe0a856a63e8634ebc7077bc570ea68, type: 2}
  m_StaticBatchInfo:
    firstSubMesh: 0
    subMeshCount: 0
  m_StaticBatchRoot: {fileID: 0}
  m_ProbeAnchor: {fileID: 0}
  m_LightProbeVolumeOverride: {fileID: 0}
  m_ScaleInLightmap: 1
  m_ReceiveGI: 1
  m_PreserveUVs: 0
  m_IgnoreNormalsForChartDetection: 0
  m_ImportantGI: 0
  m_StitchLightmapSeams: 1
  m_SelectedEditorRenderState: 3
  m_MinimumChartSize: 4
  m_AutoUVMaxDistance: 0.5
  m_AutoUVMaxAngle: 89
  m_LightmapParameters: {fileID: 0}
  m_SortingLayerID: 0
  m_SortingLayer: 0
  m_SortingOrder: 0
  m_AdditionalVertexStreams: {fileID: 0}
--- !u!65 &5646266435550901192
BoxCollider:
  m_ObjectHideFlags: 0
  m_CorrespondingSourceObject: {fileID: 0}
  m_PrefabInstance: {fileID: 0}
  m_PrefabAsset: {fileID: 0}
  m_GameObject: {fileID: 3619224336504299757}
  m_Material: {fileID: 0}
  m_IncludeLayers:
    serializedVersion: 2
    m_Bits: 0
  m_ExcludeLayers:
    serializedVersion: 2
    m_Bits: 0
  m_LayerOverridePriority: 0
  m_IsTrigger: 0
  m_ProvidesContacts: 0
  m_Enabled: 1
  serializedVersion: 3
  m_Size: {x: 1, y: 1, z: 1}
  m_Center: {x: 0, y: 0, z: 0}
--- !u!1 &6115533659420396927
GameObject:
  m_ObjectHideFlags: 0
  m_CorrespondingSourceObject: {fileID: 0}
  m_PrefabInstance: {fileID: 0}
  m_PrefabAsset: {fileID: 0}
  serializedVersion: 6
  m_Component:
  - component: {fileID: 6754542691285427815}
  - component: {fileID: 5175571468987917860}
  - component: {fileID: 6632487920276235559}
  - component: {fileID: 6645837668160210240}
  m_Layer: 8
  m_Name: Scrap (5)
  m_TagString: Untagged
  m_Icon: {fileID: 0}
  m_NavMeshLayer: 0
  m_StaticEditorFlags: 0
  m_IsActive: 1
--- !u!4 &6754542691285427815
Transform:
  m_ObjectHideFlags: 0
  m_CorrespondingSourceObject: {fileID: 0}
  m_PrefabInstance: {fileID: 0}
  m_PrefabAsset: {fileID: 0}
  m_GameObject: {fileID: 6115533659420396927}
  serializedVersion: 2
  m_LocalRotation: {x: -0.21159708, y: -0.21159664, z: 0.67470413, w: 0.6747058}
  m_LocalPosition: {x: -9.74, y: 2.5, z: 5.3399997}
  m_LocalScale: {x: 4.9724, y: 3.7440555, z: 3.0038774}
  m_ConstrainProportionsScale: 0
  m_Children: []
  m_Father: {fileID: 2101604010270749926}
  m_LocalEulerAnglesHint: {x: 0, y: -34.824, z: 90}
--- !u!33 &5175571468987917860
MeshFilter:
  m_ObjectHideFlags: 0
  m_CorrespondingSourceObject: {fileID: 0}
  m_PrefabInstance: {fileID: 0}
  m_PrefabAsset: {fileID: 0}
  m_GameObject: {fileID: 6115533659420396927}
  m_Mesh: {fileID: 10202, guid: 0000000000000000e000000000000000, type: 0}
--- !u!23 &6632487920276235559
MeshRenderer:
  m_ObjectHideFlags: 0
  m_CorrespondingSourceObject: {fileID: 0}
  m_PrefabInstance: {fileID: 0}
  m_PrefabAsset: {fileID: 0}
  m_GameObject: {fileID: 6115533659420396927}
  m_Enabled: 1
  m_CastShadows: 1
  m_ReceiveShadows: 1
  m_DynamicOccludee: 1
  m_StaticShadowCaster: 0
  m_MotionVectors: 1
  m_LightProbeUsage: 1
  m_ReflectionProbeUsage: 1
  m_RayTracingMode: 2
  m_RayTraceProcedural: 0
  m_RenderingLayerMask: 1
  m_RendererPriority: 0
  m_Materials:
  - {fileID: 2100000, guid: 9fe0a856a63e8634ebc7077bc570ea68, type: 2}
  m_StaticBatchInfo:
    firstSubMesh: 0
    subMeshCount: 0
  m_StaticBatchRoot: {fileID: 0}
  m_ProbeAnchor: {fileID: 0}
  m_LightProbeVolumeOverride: {fileID: 0}
  m_ScaleInLightmap: 1
  m_ReceiveGI: 1
  m_PreserveUVs: 0
  m_IgnoreNormalsForChartDetection: 0
  m_ImportantGI: 0
  m_StitchLightmapSeams: 1
  m_SelectedEditorRenderState: 3
  m_MinimumChartSize: 4
  m_AutoUVMaxDistance: 0.5
  m_AutoUVMaxAngle: 89
  m_LightmapParameters: {fileID: 0}
  m_SortingLayerID: 0
  m_SortingLayer: 0
  m_SortingOrder: 0
  m_AdditionalVertexStreams: {fileID: 0}
--- !u!65 &6645837668160210240
BoxCollider:
  m_ObjectHideFlags: 0
  m_CorrespondingSourceObject: {fileID: 0}
  m_PrefabInstance: {fileID: 0}
  m_PrefabAsset: {fileID: 0}
  m_GameObject: {fileID: 6115533659420396927}
  m_Material: {fileID: 0}
  m_IncludeLayers:
    serializedVersion: 2
    m_Bits: 0
  m_ExcludeLayers:
    serializedVersion: 2
    m_Bits: 0
  m_LayerOverridePriority: 0
  m_IsTrigger: 0
  m_ProvidesContacts: 0
  m_Enabled: 1
  serializedVersion: 3
  m_Size: {x: 1, y: 1, z: 1}
  m_Center: {x: 0, y: 0, z: 0}
--- !u!1 &7535269485771904694
GameObject:
  m_ObjectHideFlags: 0
  m_CorrespondingSourceObject: {fileID: 0}
  m_PrefabInstance: {fileID: 0}
  m_PrefabAsset: {fileID: 0}
  serializedVersion: 6
  m_Component:
  - component: {fileID: 2101604010270749926}
  m_Layer: 0
  m_Name: GameplayGroup_2
  m_TagString: Untagged
  m_Icon: {fileID: 0}
  m_NavMeshLayer: 0
  m_StaticEditorFlags: 0
  m_IsActive: 1
--- !u!4 &2101604010270749926
Transform:
  m_ObjectHideFlags: 0
  m_CorrespondingSourceObject: {fileID: 0}
  m_PrefabInstance: {fileID: 0}
  m_PrefabAsset: {fileID: 0}
  m_GameObject: {fileID: 7535269485771904694}
  serializedVersion: 2
  m_LocalRotation: {x: 0, y: 0, z: 0, w: 1}
  m_LocalPosition: {x: 0, y: 0, z: 0}
  m_LocalScale: {x: 1, y: 1, z: 1}
  m_ConstrainProportionsScale: 0
  m_Children:
  - {fileID: 1268291055051507567}
  - {fileID: 6754542691285427815}
  - {fileID: 3374057227179475758}
  - {fileID: 7252051249806933983}
  - {fileID: 1870887732312623969}
  - {fileID: 7248179412848485564}
  - {fileID: 8045301302452478273}
  - {fileID: 927978766839766867}
  - {fileID: 2272022608941969138}
  - {fileID: 3795022062843818456}
  - {fileID: 7073935302586496968}
  - {fileID: 1932503443410449083}
  m_Father: {fileID: 0}
  m_LocalEulerAnglesHint: {x: 0, y: 0, z: 0}
--- !u!1 &9077285799773380463
GameObject:
  m_ObjectHideFlags: 0
  m_CorrespondingSourceObject: {fileID: 0}
  m_PrefabInstance: {fileID: 0}
  m_PrefabAsset: {fileID: 0}
  serializedVersion: 6
  m_Component:
  - component: {fileID: 7248179412848485564}
  - component: {fileID: 4114708724821609059}
  - component: {fileID: 635259366135900005}
  - component: {fileID: 8087077160839954402}
  m_Layer: 8
  m_Name: Scrap (4)
  m_TagString: Untagged
  m_Icon: {fileID: 0}
  m_NavMeshLayer: 0
  m_StaticEditorFlags: 0
  m_IsActive: 1
--- !u!4 &7248179412848485564
Transform:
  m_ObjectHideFlags: 0
  m_CorrespondingSourceObject: {fileID: 0}
  m_PrefabInstance: {fileID: 0}
  m_PrefabAsset: {fileID: 0}
  m_GameObject: {fileID: 9077285799773380463}
  serializedVersion: 2
  m_LocalRotation: {x: 0.706856, y: 0.7068543, z: 0.01886309, w: 0.018863274}
  m_LocalPosition: {x: 3.62, y: 1.72, z: -11.040001}
  m_LocalScale: {x: 3.8373623, y: 7.5698457, z: 2.06712}
  m_ConstrainProportionsScale: 0
  m_Children: []
  m_Father: {fileID: 2101604010270749926}
  m_LocalEulerAnglesHint: {x: 0, y: 176.943, z: 90}
--- !u!33 &4114708724821609059
MeshFilter:
  m_ObjectHideFlags: 0
  m_CorrespondingSourceObject: {fileID: 0}
  m_PrefabInstance: {fileID: 0}
  m_PrefabAsset: {fileID: 0}
  m_GameObject: {fileID: 9077285799773380463}
  m_Mesh: {fileID: 10202, guid: 0000000000000000e000000000000000, type: 0}
--- !u!23 &635259366135900005
MeshRenderer:
  m_ObjectHideFlags: 0
  m_CorrespondingSourceObject: {fileID: 0}
  m_PrefabInstance: {fileID: 0}
  m_PrefabAsset: {fileID: 0}
  m_GameObject: {fileID: 9077285799773380463}
  m_Enabled: 1
  m_CastShadows: 1
  m_ReceiveShadows: 1
  m_DynamicOccludee: 1
  m_StaticShadowCaster: 0
  m_MotionVectors: 1
  m_LightProbeUsage: 1
  m_ReflectionProbeUsage: 1
  m_RayTracingMode: 2
  m_RayTraceProcedural: 0
  m_RenderingLayerMask: 1
  m_RendererPriority: 0
  m_Materials:
  - {fileID: 2100000, guid: 9fe0a856a63e8634ebc7077bc570ea68, type: 2}
  m_StaticBatchInfo:
    firstSubMesh: 0
    subMeshCount: 0
  m_StaticBatchRoot: {fileID: 0}
  m_ProbeAnchor: {fileID: 0}
  m_LightProbeVolumeOverride: {fileID: 0}
  m_ScaleInLightmap: 1
  m_ReceiveGI: 1
  m_PreserveUVs: 0
  m_IgnoreNormalsForChartDetection: 0
  m_ImportantGI: 0
  m_StitchLightmapSeams: 1
  m_SelectedEditorRenderState: 3
  m_MinimumChartSize: 4
  m_AutoUVMaxDistance: 0.5
  m_AutoUVMaxAngle: 89
  m_LightmapParameters: {fileID: 0}
  m_SortingLayerID: 0
  m_SortingLayer: 0
  m_SortingOrder: 0
  m_AdditionalVertexStreams: {fileID: 0}
--- !u!65 &8087077160839954402
BoxCollider:
  m_ObjectHideFlags: 0
  m_CorrespondingSourceObject: {fileID: 0}
  m_PrefabInstance: {fileID: 0}
  m_PrefabAsset: {fileID: 0}
  m_GameObject: {fileID: 9077285799773380463}
  m_Material: {fileID: 0}
  m_IncludeLayers:
    serializedVersion: 2
    m_Bits: 0
  m_ExcludeLayers:
    serializedVersion: 2
    m_Bits: 0
  m_LayerOverridePriority: 0
  m_IsTrigger: 0
  m_ProvidesContacts: 0
  m_Enabled: 1
  serializedVersion: 3
  m_Size: {x: 1, y: 1, z: 1}
  m_Center: {x: 0, y: 0, z: 0}
--- !u!1001 &555927084879801247
PrefabInstance:
  m_ObjectHideFlags: 0
  serializedVersion: 2
  m_Modification:
    serializedVersion: 3
    m_TransformParent: {fileID: 2101604010270749926}
    m_Modifications:
    - target: {fileID: 7498962133861632734, guid: 5276879d4050b744eb5d6758b05e0527,
        type: 3}
      propertyPath: m_LocalPosition.x
      value: -6.94
      objectReference: {fileID: 0}
    - target: {fileID: 7498962133861632734, guid: 5276879d4050b744eb5d6758b05e0527,
        type: 3}
      propertyPath: m_LocalPosition.y
      value: 0
      objectReference: {fileID: 0}
    - target: {fileID: 7498962133861632734, guid: 5276879d4050b744eb5d6758b05e0527,
        type: 3}
      propertyPath: m_LocalPosition.z
      value: 4.46
      objectReference: {fileID: 0}
    - target: {fileID: 7498962133861632734, guid: 5276879d4050b744eb5d6758b05e0527,
        type: 3}
      propertyPath: m_LocalRotation.w
      value: 1
      objectReference: {fileID: 0}
    - target: {fileID: 7498962133861632734, guid: 5276879d4050b744eb5d6758b05e0527,
        type: 3}
      propertyPath: m_LocalRotation.x
      value: -0
      objectReference: {fileID: 0}
    - target: {fileID: 7498962133861632734, guid: 5276879d4050b744eb5d6758b05e0527,
        type: 3}
      propertyPath: m_LocalRotation.y
      value: -0
      objectReference: {fileID: 0}
    - target: {fileID: 7498962133861632734, guid: 5276879d4050b744eb5d6758b05e0527,
        type: 3}
      propertyPath: m_LocalRotation.z
      value: -0
      objectReference: {fileID: 0}
    - target: {fileID: 7498962133861632734, guid: 5276879d4050b744eb5d6758b05e0527,
        type: 3}
      propertyPath: m_LocalEulerAnglesHint.x
      value: 0
      objectReference: {fileID: 0}
    - target: {fileID: 7498962133861632734, guid: 5276879d4050b744eb5d6758b05e0527,
        type: 3}
      propertyPath: m_LocalEulerAnglesHint.y
      value: 0
      objectReference: {fileID: 0}
    - target: {fileID: 7498962133861632734, guid: 5276879d4050b744eb5d6758b05e0527,
        type: 3}
      propertyPath: m_LocalEulerAnglesHint.z
      value: 0
      objectReference: {fileID: 0}
    - target: {fileID: 7500997972216065829, guid: 5276879d4050b744eb5d6758b05e0527,
        type: 3}
      propertyPath: m_Name
      value: TargetSpawner_Scrap
      objectReference: {fileID: 0}
    m_RemovedComponents: []
    m_RemovedGameObjects: []
    m_AddedGameObjects: []
    m_AddedComponents: []
  m_SourcePrefab: {fileID: 100100000, guid: 5276879d4050b744eb5d6758b05e0527, type: 3}
--- !u!4 &8045301302452478273 stripped
Transform:
  m_CorrespondingSourceObject: {fileID: 7498962133861632734, guid: 5276879d4050b744eb5d6758b05e0527,
    type: 3}
  m_PrefabInstance: {fileID: 555927084879801247}
  m_PrefabAsset: {fileID: 0}
--- !u!1001 &736902562605628694
PrefabInstance:
  m_ObjectHideFlags: 0
  serializedVersion: 2
  m_Modification:
    serializedVersion: 3
    m_TransformParent: {fileID: 2101604010270749926}
    m_Modifications:
    - target: {fileID: 7498962133861632734, guid: 5276879d4050b744eb5d6758b05e0527,
        type: 3}
      propertyPath: m_LocalPosition.x
      value: -12.22
      objectReference: {fileID: 0}
    - target: {fileID: 7498962133861632734, guid: 5276879d4050b744eb5d6758b05e0527,
        type: 3}
      propertyPath: m_LocalPosition.y
      value: 0
      objectReference: {fileID: 0}
    - target: {fileID: 7498962133861632734, guid: 5276879d4050b744eb5d6758b05e0527,
        type: 3}
      propertyPath: m_LocalPosition.z
      value: 7.03
      objectReference: {fileID: 0}
    - target: {fileID: 7498962133861632734, guid: 5276879d4050b744eb5d6758b05e0527,
        type: 3}
      propertyPath: m_LocalRotation.w
      value: 1
      objectReference: {fileID: 0}
    - target: {fileID: 7498962133861632734, guid: 5276879d4050b744eb5d6758b05e0527,
        type: 3}
      propertyPath: m_LocalRotation.x
      value: -0
      objectReference: {fileID: 0}
    - target: {fileID: 7498962133861632734, guid: 5276879d4050b744eb5d6758b05e0527,
        type: 3}
      propertyPath: m_LocalRotation.y
      value: -0
      objectReference: {fileID: 0}
    - target: {fileID: 7498962133861632734, guid: 5276879d4050b744eb5d6758b05e0527,
        type: 3}
      propertyPath: m_LocalRotation.z
      value: -0
      objectReference: {fileID: 0}
    - target: {fileID: 7498962133861632734, guid: 5276879d4050b744eb5d6758b05e0527,
        type: 3}
      propertyPath: m_LocalEulerAnglesHint.x
      value: 0
      objectReference: {fileID: 0}
    - target: {fileID: 7498962133861632734, guid: 5276879d4050b744eb5d6758b05e0527,
        type: 3}
      propertyPath: m_LocalEulerAnglesHint.y
      value: 0
      objectReference: {fileID: 0}
    - target: {fileID: 7498962133861632734, guid: 5276879d4050b744eb5d6758b05e0527,
        type: 3}
      propertyPath: m_LocalEulerAnglesHint.z
      value: 0
      objectReference: {fileID: 0}
    - target: {fileID: 7500997972216065829, guid: 5276879d4050b744eb5d6758b05e0527,
        type: 3}
      propertyPath: m_Name
      value: TargetSpawner_Scrap (4)
      objectReference: {fileID: 0}
    m_RemovedComponents: []
    m_RemovedGameObjects: []
    m_AddedGameObjects: []
    m_AddedComponents: []
  m_SourcePrefab: {fileID: 100100000, guid: 5276879d4050b744eb5d6758b05e0527, type: 3}
--- !u!4 &7073935302586496968 stripped
Transform:
  m_CorrespondingSourceObject: {fileID: 7498962133861632734, guid: 5276879d4050b744eb5d6758b05e0527,
    type: 3}
  m_PrefabInstance: {fileID: 736902562605628694}
  m_PrefabAsset: {fileID: 0}
--- !u!1001 &6681945612448889606
PrefabInstance:
  m_ObjectHideFlags: 0
  serializedVersion: 2
  m_Modification:
    serializedVersion: 3
    m_TransformParent: {fileID: 2101604010270749926}
    m_Modifications:
    - target: {fileID: 7498962133861632734, guid: 5276879d4050b744eb5d6758b05e0527,
        type: 3}
      propertyPath: m_LocalPosition.x
      value: 7.7313724
      objectReference: {fileID: 0}
    - target: {fileID: 7498962133861632734, guid: 5276879d4050b744eb5d6758b05e0527,
        type: 3}
      propertyPath: m_LocalPosition.y
      value: 0
      objectReference: {fileID: 0}
    - target: {fileID: 7498962133861632734, guid: 5276879d4050b744eb5d6758b05e0527,
        type: 3}
      propertyPath: m_LocalPosition.z
      value: 2.5688639
      objectReference: {fileID: 0}
    - target: {fileID: 7498962133861632734, guid: 5276879d4050b744eb5d6758b05e0527,
        type: 3}
      propertyPath: m_LocalRotation.w
      value: 1
      objectReference: {fileID: 0}
    - target: {fileID: 7498962133861632734, guid: 5276879d4050b744eb5d6758b05e0527,
        type: 3}
      propertyPath: m_LocalRotation.x
      value: -0
      objectReference: {fileID: 0}
    - target: {fileID: 7498962133861632734, guid: 5276879d4050b744eb5d6758b05e0527,
        type: 3}
      propertyPath: m_LocalRotation.y
      value: -0
      objectReference: {fileID: 0}
    - target: {fileID: 7498962133861632734, guid: 5276879d4050b744eb5d6758b05e0527,
        type: 3}
      propertyPath: m_LocalRotation.z
      value: -0
      objectReference: {fileID: 0}
    - target: {fileID: 7498962133861632734, guid: 5276879d4050b744eb5d6758b05e0527,
        type: 3}
      propertyPath: m_LocalEulerAnglesHint.x
      value: 0
      objectReference: {fileID: 0}
    - target: {fileID: 7498962133861632734, guid: 5276879d4050b744eb5d6758b05e0527,
        type: 3}
      propertyPath: m_LocalEulerAnglesHint.y
      value: 0
      objectReference: {fileID: 0}
    - target: {fileID: 7498962133861632734, guid: 5276879d4050b744eb5d6758b05e0527,
        type: 3}
      propertyPath: m_LocalEulerAnglesHint.z
      value: 0
      objectReference: {fileID: 0}
    - target: {fileID: 7500997972216065829, guid: 5276879d4050b744eb5d6758b05e0527,
        type: 3}
      propertyPath: m_Name
      value: TargetSpawner_Scrap (3)
      objectReference: {fileID: 0}
    m_RemovedComponents: []
    m_RemovedGameObjects: []
    m_AddedGameObjects: []
    m_AddedComponents: []
  m_SourcePrefab: {fileID: 100100000, guid: 5276879d4050b744eb5d6758b05e0527, type: 3}
--- !u!4 &3795022062843818456 stripped
Transform:
  m_CorrespondingSourceObject: {fileID: 7498962133861632734, guid: 5276879d4050b744eb5d6758b05e0527,
    type: 3}
  m_PrefabInstance: {fileID: 6681945612448889606}
  m_PrefabAsset: {fileID: 0}
--- !u!1001 &7273732938267317645
PrefabInstance:
  m_ObjectHideFlags: 0
  serializedVersion: 2
  m_Modification:
    serializedVersion: 3
    m_TransformParent: {fileID: 2101604010270749926}
    m_Modifications:
    - target: {fileID: 7498962133861632734, guid: 5276879d4050b744eb5d6758b05e0527,
        type: 3}
      propertyPath: m_LocalPosition.x
      value: 3.4429188
      objectReference: {fileID: 0}
    - target: {fileID: 7498962133861632734, guid: 5276879d4050b744eb5d6758b05e0527,
        type: 3}
      propertyPath: m_LocalPosition.y
      value: 0
      objectReference: {fileID: 0}
    - target: {fileID: 7498962133861632734, guid: 5276879d4050b744eb5d6758b05e0527,
        type: 3}
      propertyPath: m_LocalPosition.z
      value: 3.0959568
      objectReference: {fileID: 0}
    - target: {fileID: 7498962133861632734, guid: 5276879d4050b744eb5d6758b05e0527,
        type: 3}
      propertyPath: m_LocalRotation.w
      value: 1
      objectReference: {fileID: 0}
    - target: {fileID: 7498962133861632734, guid: 5276879d4050b744eb5d6758b05e0527,
        type: 3}
      propertyPath: m_LocalRotation.x
      value: -0
      objectReference: {fileID: 0}
    - target: {fileID: 7498962133861632734, guid: 5276879d4050b744eb5d6758b05e0527,
        type: 3}
      propertyPath: m_LocalRotation.y
      value: -0
      objectReference: {fileID: 0}
    - target: {fileID: 7498962133861632734, guid: 5276879d4050b744eb5d6758b05e0527,
        type: 3}
      propertyPath: m_LocalRotation.z
      value: -0
      objectReference: {fileID: 0}
    - target: {fileID: 7498962133861632734, guid: 5276879d4050b744eb5d6758b05e0527,
        type: 3}
      propertyPath: m_LocalEulerAnglesHint.x
      value: 0
      objectReference: {fileID: 0}
    - target: {fileID: 7498962133861632734, guid: 5276879d4050b744eb5d6758b05e0527,
        type: 3}
      propertyPath: m_LocalEulerAnglesHint.y
      value: 0
      objectReference: {fileID: 0}
    - target: {fileID: 7498962133861632734, guid: 5276879d4050b744eb5d6758b05e0527,
        type: 3}
      propertyPath: m_LocalEulerAnglesHint.z
      value: 0
      objectReference: {fileID: 0}
    - target: {fileID: 7500997972216065829, guid: 5276879d4050b744eb5d6758b05e0527,
        type: 3}
      propertyPath: m_Name
      value: TargetSpawner_Scrap (1)
      objectReference: {fileID: 0}
    m_RemovedComponents: []
    m_RemovedGameObjects: []
    m_AddedGameObjects: []
    m_AddedComponents: []
  m_SourcePrefab: {fileID: 100100000, guid: 5276879d4050b744eb5d6758b05e0527, type: 3}
--- !u!4 &927978766839766867 stripped
Transform:
  m_CorrespondingSourceObject: {fileID: 7498962133861632734, guid: 5276879d4050b744eb5d6758b05e0527,
    type: 3}
  m_PrefabInstance: {fileID: 7273732938267317645}
  m_PrefabAsset: {fileID: 0}
--- !u!1001 &8268622044684318821
PrefabInstance:
  m_ObjectHideFlags: 0
  serializedVersion: 2
  m_Modification:
    serializedVersion: 3
    m_TransformParent: {fileID: 2101604010270749926}
    m_Modifications:
    - target: {fileID: 7498962133861632734, guid: 5276879d4050b744eb5d6758b05e0527,
        type: 3}
      propertyPath: m_LocalPosition.x
      value: -5.67
      objectReference: {fileID: 0}
    - target: {fileID: 7498962133861632734, guid: 5276879d4050b744eb5d6758b05e0527,
        type: 3}
      propertyPath: m_LocalPosition.y
      value: 0
      objectReference: {fileID: 0}
    - target: {fileID: 7498962133861632734, guid: 5276879d4050b744eb5d6758b05e0527,
        type: 3}
      propertyPath: m_LocalPosition.z
      value: 10.67
      objectReference: {fileID: 0}
    - target: {fileID: 7498962133861632734, guid: 5276879d4050b744eb5d6758b05e0527,
        type: 3}
      propertyPath: m_LocalRotation.w
      value: 1
      objectReference: {fileID: 0}
    - target: {fileID: 7498962133861632734, guid: 5276879d4050b744eb5d6758b05e0527,
        type: 3}
      propertyPath: m_LocalRotation.x
      value: -0
      objectReference: {fileID: 0}
    - target: {fileID: 7498962133861632734, guid: 5276879d4050b744eb5d6758b05e0527,
        type: 3}
      propertyPath: m_LocalRotation.y
      value: -0
      objectReference: {fileID: 0}
    - target: {fileID: 7498962133861632734, guid: 5276879d4050b744eb5d6758b05e0527,
        type: 3}
      propertyPath: m_LocalRotation.z
      value: -0
      objectReference: {fileID: 0}
    - target: {fileID: 7498962133861632734, guid: 5276879d4050b744eb5d6758b05e0527,
        type: 3}
      propertyPath: m_LocalEulerAnglesHint.x
      value: 0
      objectReference: {fileID: 0}
    - target: {fileID: 7498962133861632734, guid: 5276879d4050b744eb5d6758b05e0527,
        type: 3}
      propertyPath: m_LocalEulerAnglesHint.y
      value: 0
      objectReference: {fileID: 0}
    - target: {fileID: 7498962133861632734, guid: 5276879d4050b744eb5d6758b05e0527,
        type: 3}
      propertyPath: m_LocalEulerAnglesHint.z
      value: 0
      objectReference: {fileID: 0}
    - target: {fileID: 7500997972216065829, guid: 5276879d4050b744eb5d6758b05e0527,
        type: 3}
      propertyPath: m_Name
      value: TargetSpawner_Scrap (5)
      objectReference: {fileID: 0}
    m_RemovedComponents: []
    m_RemovedGameObjects: []
    m_AddedGameObjects: []
    m_AddedComponents: []
  m_SourcePrefab: {fileID: 100100000, guid: 5276879d4050b744eb5d6758b05e0527, type: 3}
--- !u!4 &1932503443410449083 stripped
Transform:
  m_CorrespondingSourceObject: {fileID: 7498962133861632734, guid: 5276879d4050b744eb5d6758b05e0527,
    type: 3}
  m_PrefabInstance: {fileID: 8268622044684318821}
  m_PrefabAsset: {fileID: 0}
--- !u!1001 &8617201184149201964
PrefabInstance:
  m_ObjectHideFlags: 0
  serializedVersion: 2
  m_Modification:
    serializedVersion: 3
    m_TransformParent: {fileID: 2101604010270749926}
    m_Modifications:
    - target: {fileID: 7498962133861632734, guid: 5276879d4050b744eb5d6758b05e0527,
        type: 3}
      propertyPath: m_LocalPosition.x
      value: 2.7661252
      objectReference: {fileID: 0}
    - target: {fileID: 7498962133861632734, guid: 5276879d4050b744eb5d6758b05e0527,
        type: 3}
      propertyPath: m_LocalPosition.y
      value: 0.0000019073486
      objectReference: {fileID: 0}
    - target: {fileID: 7498962133861632734, guid: 5276879d4050b744eb5d6758b05e0527,
        type: 3}
      propertyPath: m_LocalPosition.z
      value: -13.33103
      objectReference: {fileID: 0}
    - target: {fileID: 7498962133861632734, guid: 5276879d4050b744eb5d6758b05e0527,
        type: 3}
      propertyPath: m_LocalRotation.w
      value: 1
      objectReference: {fileID: 0}
    - target: {fileID: 7498962133861632734, guid: 5276879d4050b744eb5d6758b05e0527,
        type: 3}
      propertyPath: m_LocalRotation.x
      value: -0
      objectReference: {fileID: 0}
    - target: {fileID: 7498962133861632734, guid: 5276879d4050b744eb5d6758b05e0527,
        type: 3}
      propertyPath: m_LocalRotation.y
      value: -0
      objectReference: {fileID: 0}
    - target: {fileID: 7498962133861632734, guid: 5276879d4050b744eb5d6758b05e0527,
        type: 3}
      propertyPath: m_LocalRotation.z
      value: -0
      objectReference: {fileID: 0}
    - target: {fileID: 7498962133861632734, guid: 5276879d4050b744eb5d6758b05e0527,
        type: 3}
      propertyPath: m_LocalEulerAnglesHint.x
      value: 0
      objectReference: {fileID: 0}
    - target: {fileID: 7498962133861632734, guid: 5276879d4050b744eb5d6758b05e0527,
        type: 3}
      propertyPath: m_LocalEulerAnglesHint.y
      value: 0
      objectReference: {fileID: 0}
    - target: {fileID: 7498962133861632734, guid: 5276879d4050b744eb5d6758b05e0527,
        type: 3}
      propertyPath: m_LocalEulerAnglesHint.z
      value: 0
      objectReference: {fileID: 0}
    - target: {fileID: 7500997972216065829, guid: 5276879d4050b744eb5d6758b05e0527,
        type: 3}
      propertyPath: m_Name
      value: TargetSpawner_Scrap (2)
      objectReference: {fileID: 0}
    m_RemovedComponents: []
    m_RemovedGameObjects: []
    m_AddedGameObjects: []
    m_AddedComponents: []
  m_SourcePrefab: {fileID: 100100000, guid: 5276879d4050b744eb5d6758b05e0527, type: 3}
--- !u!4 &2272022608941969138 stripped
Transform:
  m_CorrespondingSourceObject: {fileID: 7498962133861632734, guid: 5276879d4050b744eb5d6758b05e0527,
    type: 3}
  m_PrefabInstance: {fileID: 8617201184149201964}
  m_PrefabAsset: {fileID: 0}
